%% LaTeX2e file `jobname.bib'
%% generated by the `filecontents' environment
%% from source `paper' on 2015/12/21.
%%
@book{author_book,
title = {Book's title},
author = {Author, Some},
location = {The City},
publisher = {Publisher},
year = {2005},
}
